<record><leader>01440cam a2200397Ma 45 0</leader><controlfield tag="001">6676221</controlfield><controlfield tag="003">OCoLC</controlfield><controlfield tag="005">20150226165951.0</controlfield><controlfield tag="008">141023s2015    pau           001 0 eng d</controlfield><datafield ind1=" " ind2=" " tag="015"><subfield code="a">GBB4D3796</subfield><subfield code="2">bnb</subfield></datafield><datafield ind1="7" ind2=" " tag="016"><subfield code="a">016954970</subfield><subfield code="2">Uk</subfield></datafield><datafield ind1=" " ind2=" " tag="020"><subfield code="a">9781439910726 (hbk.)</subfield></datafield><datafield ind1=" " ind2=" " tag="020"><subfield code="a">1439910723 (hbk.)</subfield></datafield><datafield ind1=" " ind2=" " tag="020"><subfield code="a">1439910731 (pbk.)</subfield></datafield><datafield ind1=" " ind2=" " tag="020"><subfield code="a">9781439910733 (pbk.)</subfield></datafield><datafield ind1=" " ind2=" " tag="035"><subfield code="a">ocn878111542</subfield></datafield><datafield ind1=" " ind2=" " tag="040"><subfield code="a">UKMGB</subfield><subfield code="b">eng</subfield><subfield code="c">UKMGB</subfield><subfield code="d">OCLCO</subfield><subfield code="d">YDXCP</subfield><subfield code="d">AFMK</subfield></datafield><datafield ind1="0" ind2="0" tag="050"><subfield code="a">BF637.B85</subfield><subfield code="b">M268 2015</subfield></datafield><datafield ind1="0" ind2="4" tag="082"><subfield code="a">302.343</subfield><subfield code="2">23</subfield></datafield><datafield ind1=" " ind2=" " tag="090"><subfield code="a">BF 637 B85 M268 2015</subfield><subfield code="b">AFMK</subfield></datafield><datafield ind1=" " ind2=" " tag="090"><subfield code="a">BF637 .B85 M268 2015</subfield><subfield code="b">AEGMCT</subfield></datafield><datafield ind1="1" ind2=" " tag="100"><subfield code="a">Martocci, Laura,</subfield><subfield code="e">author.</subfield></datafield><datafield ind1="1" ind2="0" tag="245"><subfield code="a">Bullying :</subfield><subfield code="b">the social destruction of self /</subfield><subfield code="c">Laura Martocci.</subfield></datafield><datafield ind1=" " ind2="1" tag="264"><subfield code="a">Philadelphia :</subfield><subfield code="b">Temple University Press,</subfield><subfield code="c">2015.</subfield></datafield><datafield ind1=" " ind2=" " tag="300"><subfield code="a">xii, 212 pages ;</subfield><subfield code="c">23 cm.</subfield></datafield><datafield ind1=" " ind2=" " tag="336"><subfield code="a">text</subfield><subfield code="2">rdacontent</subfield></datafield><datafield ind1=" " ind2=" " tag="337"><subfield code="a">unmediated</subfield><subfield code="2">rdamedia</subfield></datafield><datafield ind1=" " ind2=" " tag="338"><subfield code="a">volume</subfield><subfield code="2">rdacarrier</subfield></datafield><datafield ind1=" " ind2=" " tag="504"><subfield code="a">Includes bibliographical references and index.</subfield></datafield><datafield ind1=" " ind2=" " tag="596"><subfield code="a">8 29</subfield></datafield><datafield ind1=" " ind2="0" tag="650"><subfield code="a">Bullying.</subfield></datafield><datafield ind1=" " ind2="0" tag="650"><subfield code="a">Social psychology.</subfield></datafield><datafield ind1=" " ind2=" " tag="999"><subfield code="h">GMCT-OS-B</subfield></datafield><datafield ind1=" " ind2=" " tag="947"><subfield code="b">PSW</subfield><subfield code="f">QGM</subfield><subfield code="h">GMCT-OS-B</subfield><subfield code="p">26.36</subfield><subfield code="q">1</subfield><subfield code="z">9781439910733</subfield></datafield><datafield ind1=" " ind2=" " tag="926"><subfield code="a">BF 637 B85 M268 2015</subfield><subfield code="w">LC</subfield><subfield code="c">1</subfield><subfield code="i">34917001373609</subfield><subfield code="d">3/19/2015</subfield><subfield code="e">3/17/2015</subfield><subfield code="l">ON_SHELF</subfield><subfield code="m">KEYANO</subfield><subfield code="n">1</subfield><subfield code="p">$27.85</subfield><subfield code="r">Y</subfield><subfield code="s">Y</subfield><subfield code="t">BOOK</subfield><subfield code="u">9/11/2014</subfield><subfield code="o">.STAFF. Rec'd Feb/15 MW</subfield></datafield><datafield ind1=" " ind2=" " tag="926"><subfield code="a">BF637 .B85 M268 2015</subfield><subfield code="w">LC</subfield><subfield code="c">1</subfield><subfield code="i">1007763160</subfield><subfield code="d">1/19/2016</subfield><subfield code="e">1/12/2016</subfield><subfield code="l">ON_SHELF</subfield><subfield code="m">GR_MACEWAN</subfield><subfield code="n">9</subfield><subfield code="p">$33.46</subfield><subfield code="r">Y</subfield><subfield code="s">Y</subfield><subfield code="t">BOOK</subfield><subfield code="u">5/25/2015</subfield></datafield></record>